2034 3192
382 657 443 736 P
502 658 569 730 R
632 611 953 730 oL‘o
1018 605 1221 728 ov
1285 653 1358 732 s,

98 931 181 1014 p
187 966 313 1032 ost
314 959 439 1014 uam
460 959 627 1029 poeta
647 957 807 1012 vetus
828 958 1047 1026 poetam
1069 958 1177 1013 ndu
1198 963 1384 1028 potest

97 979 413 1086 Retrahere
423 1033 493 1082 ab
506 1031 707 1094 studi0‚
721 1036 777 1082 et
788 1029 1078 1084 transdere
1091 1031 1396 1084 hominem'
1379 1046 1437 1082 m
1447 1025 1640 1092 dtium3

99 1102 427 1154 Maledictis
448 1101 751 1165 deterrere,
772 1116 841 1152 ne
861 1102 1078 1166 scribat,
1099 1108 1285 1168 parat:

100 1174 216 1234 Qui
238 1173 319 1222 ita
340 1171 573 1234 dictitat,
593 1186 728 1237 quas
750 1170 877 1222 ante
898 1169 986 1223 hic
1008 1171 1141 1224 fecit
1161 1171 1399 1238 fabulas,

99 1245 155 1293 '1
160 1242 290 1290 enui
308 1240 429 1291 esse
452 1242 705 1292 oratione
726 1247 783 1292 et
803 1242 1080 1306 scriptura
1098 1243 1233 1293 levi·
1723 1241 1750 1290 5

101 1310 254 1372 Quia
275 1308 541 1377 nusquam
563 1313 817 1362 insanum
838 1309 970 1362 fecit
988 1311 1464 1368 adulescentulum

104 1376 339 1432 Cervam
358 1380 545 1432 videre
569 1379 776 1448 fugere,
800 1385 857 1431 et
877 1381 1082 1433 sectari
1101 1398 1290 1433 canes·

101 1452 181 1503 Et
202 1447 319 1500 eam
343 1449 581 1514 plorare,
604 1465 763 1501 orare
784 1455 849 1500 ut
868 1451 1156 1502 subveniat
1173 1453 1296 1502 sibi.

104 1517 276 1582 Quod
295 1519 341 1569 si
360 1518 727 1585 intellegeret,
750 1517 879 1569 olim
902 1535 1028 1569 cum
1048 1519 1204 1571 stetit
1222 1533 1384 1580 nova,
1415 1531 1427 1546 ’-

102 1587 327 1641 Actoris
350 1601 519 1652 opera
536 1587 711 1654 magis
730 1587 950 1639 stetisse
972 1588 1132 1654 quam
1154 1599 1758 1650 sua310

102 1659 297 1712 Minus
314 1657 489 1708 multo
511 1656 791 1719 audacter,
812 1655 975 1723 quam
993 1673 1142 1708 nunc
1156 1657 1347 1719 laedit,
1368 1651 1638 1712 laederet.

105 1728 158 1781 N
162 1743 277 1778 unc
296 1727 473 1795 siquis
488 1731 591 1792 est,
614 1727 709 1792 qui
730 1723 836 1776 hoc
856 1725 1004 1778 dicat
1024 1732 1122 1777 aut
1141 1729 1219 1778 sic
1241 1724 1468 1794 cogitet,

104 1797 285 1850 Vetus
306 1796 353 1847 si
374 1797 539 1862 poeta
558 1795 669 1846 non
691 1794 1003 1846 lacessisset
1023 1799 1193 1862 prior,
1369 1817 1376 1826 ·

104 1867 340 1922 Nullum
362 1867 541 1917 inveni
548 1881 609 1917 re
631 1863 923 1932 prologum
942 1865 1132 1932 posset
1149 1879 1326 1916 novus

106 1939 289 2000 Quem
308 1930 541 1998 diceret,
564 1937 669 1985 nisi
691 1933 925 1987 haberet
946 1936 1034 1988 cui
1057 1936 1478 1994 malediceretn,
1649 1975 1652 1980 .
1695 1935 1757 1990 15

103 2009 162 2060 Is
184 2007 288 2058 sibi
307 2021 634 2072 responsum
656 2004 761 2056 hoc
780 2003 1007 2069 habeat3
1030 2007 1088 2056 in
1108 2007 1289 2058 medio
1311 2004 1565 2056 omnibus

103 2077 361 2128 Palmam
382 2075 503 2128 esse
515 2077 769 2140 positam,
791 2076 885 2142 qui
898 2074 1072 2127 artem
1094 2081 1339 2126 tractant
1350 2075 1632 2126 musicam.

102 2146 217 2200 Ille
238 2145 307 2198 ad
328 2145 532 2198 famem
557 2142 702 2196 hunc
723 2145 791 2196 ab
812 2145 997 2197 studio
1021 2145 1240 2197 studuit
1257 2145 1490 2201 reicere:

104 2218 219 2268 Hic
239 2215 575 2282 respondere
596 2215 787 2278 voluit,
809 2230 921 2267 non
942 2214 1233 2268 lacessere.
1277 2253 1282 2258 .

107 2285 433 2337 Benedictis
451 2286 498 2334 si
520 2284 805 2348 certasset,
824 2285 1071 2337 audisset
1088 2287 1258 2337 bene:
1689 2297 1759 2336 πο

65 2403 71 2408 .
108 2356 274 2418 Quod
294 2354 481 2407 abillo
503 2355 821 2418 adlatumst,
842 2355 945 2406 sibi
966 2370 1088 2407 esse
1106 2355 1164 2406 id
1182 2349 1438 2406 rellatl'lm
1462 2355 1639 2420 putet.

108 2425 197 2477 De
215 2423 315 2476 illo
336 2430 456 2476 tum
475 2425 638 2476 finem
660 2424 858 2476 faciam
880 2425 1106 2476 dicundi
1127 2422 1279 2489 mihi,

108 2494 381 2548 Peccandi
402 2497 664 2562 cumipse
687 2493 755 2546 de
777 2509 837 2546 se
857 2493 1028 2546 finem
1048 2494 1263 2548 fecerit.

109 2564 271 2618 Nunc
290 2563 420 2632 quid
440 2563 603 2616 velim
626 2566 871 2614 animum
883 2562 1172 2617 attendite.
1191 2561 1429 2632 adportd
1439 2577 1637 2620 novam

110 2635 612 2708 Epidicazomeuen
635 2632 799 2701 quam
818 2639 1020 2686 vocant
1039 2635 1383 2690 comoediam
1689 2633 1755 2691 25

109 2702 339 2769 Graece,
359 2703 562 2759 Latine
582 2703 673 2760 hie
692 2701 1086 2762 Phormionem
1103 2703 1376 2764 nominate
